[gd_scene load_steps=11 format=2]

[ext_resource path="res://assets/course_tiles1.tres" type="MeshLibrary" id=1]
[ext_resource path="res://Ball.tscn" type="PackedScene" id=2]
[ext_resource path="res://Arrow.tscn" type="PackedScene" id=3]
[ext_resource path="res://Main.gd" type="Script" id=4]
[ext_resource path="res://UI.tscn" type="PackedScene" id=5]
[ext_resource path="res://GimbalOut.gd" type="Script" id=6]

[sub_resource type="ProceduralSky" id=6]

[sub_resource type="Environment" id=5]
background_mode = 2
background_sky = SubResource( 6 )
ambient_light_color = Color( 1, 1, 1, 1 )
ssao_enabled = true
dof_blur_far_distance = 12.0

[sub_resource type="SphereShape" id=3]
radius = 0.224586

[sub_resource type="PhysicsMaterial" id=4]
bounce = 0.3

[node name="Main" type="Node"]
script = ExtResource( 4 )

[node name="GridMap" type="GridMap" parent="."]
mesh_library = ExtResource( 1 )
collision_mask = 2
data = {
"cells": PoolIntArray( 65535, 0, 655372, 65535, 1, 655372, 65535, 2, -1609957364, 65535, 3, 655372, 65535, 4, 655372, 65535, 5, 655372, 65535, 6, 655366, 0, 65535, 1048588, 1, 65535, 1048588, 2, 65535, 1441803, 65532, 65535, 1048582, 65533, 65535, 1048588, 65534, 65535, 1048588, 65535, 65535, 3 )
}
__meta__ = {
"_editor_clip_": 0
}

[node name="WorldEnvironment" type="WorldEnvironment" parent="."]
environment = SubResource( 5 )

[node name="Tee" type="Position3D" parent="."]
transform = Transform( 1, 0, 0, 0, 1, 0, 0, 0, 1, -1, 1.2, 12 )

[node name="Hole" type="Area" parent="."]
transform = Transform( 1, 0, 0, 0, 1, 0, 0, 0, 1, 5.4, 0.75, -1 )
collision_layer = 4
collision_mask = 2147483650

[node name="CollisionShape" type="CollisionShape" parent="Hole"]
transform = Transform( -4.37114e-08, 0, 1, 0, 1, 0, -1, 0, -4.37114e-08, 0, 0, 0 )
shape = SubResource( 3 )

[node name="Ball" parent="." instance=ExtResource( 2 )]
transform = Transform( 1, 0, 0, 0, 1, 0, 0, 0, 1, -0.954, 1.3, 11.275 )
physics_material_override = SubResource( 4 )
gravity_scale = 2.0
continuous_cd = true
linear_damp = 0.5
angular_velocity = Vector3( 0, 900, 0 )
angular_damp = 0.1

[node name="UI" parent="." instance=ExtResource( 5 )]

[node name="Arrow" parent="." instance=ExtResource( 3 )]
transform = Transform( 0.5, 0, 0, 0, 0.5, 0, 0, 0, 0.5, -0.980517, 1.28042, 11.1886 )

[node name="GimbalOut" type="Spatial" parent="."]
transform = Transform( 1, 0, 0, 0, 1, 0, 0, 0, 1, -1, 2, -1 )
script = ExtResource( 6 )

[node name="GimbalIn" type="Spatial" parent="GimbalOut"]

[node name="Camera" type="Camera" parent="GimbalOut/GimbalIn"]
transform = Transform( 1, 0, 0, 0, 1, 0, 0, 0, 1, 0, 0, 7 )

[node name="DirectionalLight" type="DirectionalLight" parent="."]
transform = Transform( -0.0943342, 0.569495, -0.816564, 0, 0.820222, 0.572046, 0.995541, 0.0539635, -0.077375, -11.0791, 9.3705, -0.077375 )
light_energy = 0.5
shadow_enabled = true
shadow_bias = 0.0
directional_shadow_max_distance = 150.0
[connection signal="body_entered" from="Hole" to="." method="_on_Hole_body_entered"]
[connection signal="stopped" from="Ball" to="." method="_on_Ball_stopped"]
